@inproceedings{mapreduce,
	author="Jeff Dean and Sanjay Ghemawat",
	title="MapReduce: Simplified Data Processing on Large Clusters",
	booktitle="Symposium on Operating System Design and Implementation (OSDI)",
	year=2004,
}

@inproceedings{CiteSeer,
  author    = {C. Lee Giles and
               Kurt D. Bollacker and
               Steve Lawrence},
  title     = {CiteSeer: An Automatic Citation Indexing System},
  booktitle = {ACM DL},
  year      = {1998},
  pages     = {89-98},
}

@Misc{Scholar,
  title = 	 {{G}oogle {S}cholar},
  url =      {http://scholar.google.com},
  year = 	 {2007},
}

@Misc{MSAcademic,
  title =    {{M}icrosoft {A}cademic {S}earch},
  url =      {http://academic.research.microsoft.com},
  year =     {2009},
}